@article{explicitsubstitutions,
  author =       "Abadi, Martin and Cardelli, Luca and Curien, Pierre-Louis and
                  L{\'e}vy, Jean Jacques",
  title =        "{Explicit substitutions}",
  journal =      "Journal of Functional Programming",
  volume =       "1",
  number =       "4",
  pages =        "375--416",
  doi =          "10.1017/S0956796800000186",
  year =         "1991",
}

@inproceedings{categoriesofcontainers,
  author =       "Abbott, Michael and Altenkirch, Thorsten and Ghani, Neil",
  title =        "{Categories of Containers}",
  booktitle =    "Foundations of Software Science and Computation Structures",
  pages =        "23--38",
  numpages =     "16",
  year =         "2003",
  series =       "FoSSaCS'03",
  editor =       "Gordon, Andrew D.",
  publisher =    "Springer",
  isbn =         "978-3-540-36576-1",
}

@article{constructingstrictlypositivetypes,
  author =       "Abbott, Michael and Altenkirch, Thorsten and Ghani, Neil",
  title =        "{Containers: Constructing strictly positive types}",
  journal =      "Theoretical Computer Science",
  year =         "2005",
  volume =       "342",
  number =       "1",
  issn =         "0304-3975",
  pages =        "3--27",
  numpages =     "25",
  doi =          "10.1016/j.tcs.2005.06.002",
  publisher =    "Elsevier Science Publishers Ltd.",
}

@inproceedings{miniagda,
  author =       "Abel, Andreas",
  title =        "{MiniAgda: Integrating Sized and Dependent Types}",
  booktitle =    "Workshop on Partiality And Recursion in Interative Theorem
                  Provers (PAR 2010), Satellite Workshop of ITP'10 at FLoC 2010",
  year =         "2010",
  editor =       "Ana Bove and Ekaterina Komendantskaya and Milad Niqui",
}

@inproceedings{monadsnotendo,
  author =       "Altenkirch, Thorsten and Chapman, James and Uustalu, Tarmo",
  title =        "{Monads Need Not Be Endofunctors}",
  year =         "2010",
  booktitle =    "Foundations of Software Science and Computational Structures",
  series =       "FoSSaCS'10",
  editor =       "Ong, Luke",
  publisher =    "Springer",
  pages =        "297--311",
  isbn =         "978-3-642-12032-9",
}

@article{relativemonads,
  author =       "Altenkirch, Thorsten and Chapman, James and Uustalu, Tarmo",
  title =        "{Relative Monads Formalised}",
  journal =      "Journal of Formalized Reasoning",
  volume =       "7",
  number =       "1",
  year =         "2014",
  publisher =    "Universit{\`a} di Bologna",
  issn =         "1972-5787",
  pages =        "1--43",
  doi =          "10.6092/issn.1972-5787/4389",
}

@inproceedings{altenkirch:gpwdtp,
  author =       "Altenkirch, Thorsten and McBride, Conor",
  title =        "{Generic Programming within Dependently Typed Programming}",
  editor =       "Gibbons, Jeremy and Jeuring, Johan",
  booktitle =    "Generic Programming: IFIP TC2 / WG2.1 Working Conference
                  Programming",
  year =         "2003",
  isbn =         "978-0-387-35672-3",
  pages =        "1--20",
  publisher =    "Springer",
  doi =          "10.1007/978-0-387-35672-3_1",
}

@inproceedings{dgpdt,
  author =       "Altenkirch, Thorsten and McBride, Conor and Morris, Peter",
  title =        "{Generic Programming with Dependent Types}",
  editor =       "Backhouse, Roland and Gibbons, Jeremy and Hinze, Ralf and
                  Jeuring, Johan",
  booktitle =    "Datatype-Generic Programming",
  series =       "SSDGP'06",
  year =         "2007",
  isbn =         "978-3-540-76786-2",
  pages =        "209--257",
  numpages =     "49",
  publisher =    "Springer",
}

@inproceedings{indexedcontainers,
  author =       "Altenkirch, Thorsten and Morris, Peter",
  title =        "{Indexed Containers}",
  booktitle =    "Logic In Computer Science",
  series =       "LICS'09",
  year =         "2009",
  pages =        "277--285",
  issn =         "1043-6871",
  publisher =    "IEEE Computer Society Press",
  doi =          "10.1109/LICS.2009.33",
}

@inproceedings{monadic,
  author =       "Altenkirch, Thorsten and Reus, Bernhard",
  title =        "{Monadic Presentations of Lambda Terms Using Generalized
                  Inductive Types}",
  year =         "1999",
  booktitle =    "Computer Science Logic",
  editor =       "Flum, J{\"o}rg and Rodriguez-Artalejo, Mario",
  volume =       "1683",
  series =       "LNCS",
  publisher =    "Springer",
  pages =        "453--468",
  isbn =         "978-3-540-48168-3",
}

@inproceedings{amin2016java,
  author =       "Amin, Nada and Tate, Ross",
  title =        "{Java and Scala's Type Systems are Unsound: The Existential
                  Crisis of Null Pointers}",
  booktitle =    "Proceedings of the 2016 ACM SIGPLAN International Conference
                  on Object-Oriented Programming, Systems, Languages, and
                  Applications",
  year =         "2016",
  series =       "OOPSLA 2016",
  pages =        "838--848",
  numpages =     "11",
  publisher =    "ACM",
  isbn =         "978-1-4503-4444-9",
  doi =          "10.1145/2983990.2984004",
}

@inproceedings{cfgv,
  author =       "Anand, Abhishek and Rahli, Vincent",
  title =        "{A Generic Approach to Proofs about Substitution}",
  booktitle =    "Proceedings of the 2014 International Workshop on Logical
                  Frameworks and Meta-languages: Theory and Practice",
  series =       "LFMTP '14",
  year =         "2014",
  publisher =    "ACM",
  numpages =     "8",
  isbn =         "978-1-4503-2817-3",
  doi =          "10.1145/2631172.2631177",
}

@inproceedings{locallynameless,
  author =       "Aydemir, Brian and Chargu{\'e}raud, Arthur and Pierce,
                  Benjamin C. and Pollack, Randy and Weirich, Stephanie",
  title =        "{Engineering Formal Metatheory}",
  booktitle =    "Proceedings of the 35th Annual ACM SIGPLAN-SIGACT Symposium on
                  Principles of Programming Languages",
  series =       "POPL '08",
  year =         "2008",
  isbn =         "978-1-59593-689-9",
  pages =        "3--15",
  numpages =     "13",
  publisher =    "ACM",
  doi =          "10.1145/1328438.1328443",
}

@techreport{lngen,
  author =       "Aydemir, Brian and Weirich, Stephanie",
  title =        "{LNgen: Tool support for locally nameless representations}",
  year =         "2010",
  institution =  "University of Pennsylvania, Department of Computer and
                  Information Science",
  number =       "MS-CIS-10-24",
}

@inproceedings{poplmark,
  author =       "Aydemir, Brian E. and Bohannon, Aaron and Fairbairn, Matthew
                  and Foster, J. Nathan and Pierce, Benjamin C. and Sewell,
                  Peter and Vytiniotis, Dimitrios and Washburn, Geoffrey and
                  Weirich, Stephanie and Zdancewic, Steve",
  title =        "{Mechanized Metatheory for the Masses: The PoplMark
                  Challenge}",
  year =         "2005",
  booktitle =    "Theorem Proving in Higher Order Logics",
  editor =       "Hurd, Joe and Melham, Tom",
  pages =        "50--65",
  isbn =         "978-3-540-31820-0",
  publisher =    "Springer",
  doi =          "10.1007/11541868_4",
}

@inproceedings{bahr11compositional,
  author =       "Bahr, Patrick and Hvitved, Tom",
  title =        "{Compositional Data Types}",
  booktitle =    "Proceedings of the Seventh ACM SIGPLAN Workshop on Generic
                  Programming",
  series =       "WGP'11",
  year =         "2011",
  isbn =         "978-1-4503-0861-8",
  pages =        "83--94",
  numpages =     "12",
  doi =          "10.1145/2036918.2036930",
  publisher =    "ACM",
}

@book{barendregt1984lambda,
  author =       "Barendregt, Hendrik Pieter",
  title =        "{The Lambda Calculus: Its Syntax and Semantics}",
  series =       "Studies in logic and the foundations of mathematics",
  volume =       "103",
  year =         "1984",
  publisher =    "North-Holland",
  isbn =         "978-0-444-87508-2",
}

@inproceedings{featureinteractions,
  author =       "Batory, Don and H{\"o}fner, Peter and Kim, Jongwook",
  title =        "{Feature Interactions, Products, and Composition}",
  booktitle =    "Proceedings of the 10th ACM International Conference on
                  Generative Programming and Component Engineering",
  series =       "GPCE'11",
  year =         "2011",
  isbn =         "978-1-4503-0689-8",
  pages =        "13--22",
  numpages =     "10",
  doi =          "10.1145/2047862.2047867",
  publisher =    "ACM",
}

@article{eff,
  author =       "Bauer, Andrej and Pretnar, Matija",
  title =        "{Programming with Algebraic Effects and Handlers}",
  journal =      "Journal of Logical and Algebraic Methods in Programming",
  volume =       "84",
  number =       "1",
  pages =        "108--123",
  year =         "2015",
  issn =         "2352-2208",
  doi =          "https://doi.org/10.1016/j.jlamp.2014.02.001",
}

@article{benke:universes,
  author =       "Benke, Marcin and Dybjer, Peter and Jansson, Patrik",
  title =        "{Universes for Generic Programs and Proofs in Dependent Type
                  Theory}",
  journal =      "Nordic J. of Computing",
  volume =       "10",
  number =       "4",
  year =         "2003",
  issn =         "1236-6064",
  pages =        "265--289",
  numpages =     "25",
  publisher =    "Publishing Association Nordic Journal of Computing",
}

@Article{stronglyttypedterm,
  author =       "Benton, Nick and Hur, Chung-Kil and Kennedy, Andrew J. and
                  McBride, Conor",
  title =        "{Strongly Typed Term Representations in Coq}",
  journal =      "Journal of Automated Reasoning",
  year =         "2012",
  volume =       "49",
  number =       "2",
  pages =        "141--159",
  issn =         "1573-0670",
  doi =          "10.1007/s10817-011-9219-0",
}

@article{nested,
  author =       "Bird, Richard S. and Paterson, Ross",
  title =        "{De Bruijn notation as a nested datatype}",
  volume =       "9",
  number =       "1",
  journal =      "Journal of Functional Programming",
  year =         "1999",
  pages =        "77-–91",
}

@article{bohm85automatic,
  author =       "B{\"o}hm, Corrado and Berarducci, Alessandro",
  title =        "{Automatic synthesis of typed Λ-programs on term algebras}",
  journal =      "Theoretical Computer Science",
  volume =       "39",
  number =       "0",
  pages =        "135--154",
  year =         "1985",
  doi =          "https://doi.org/10.1016/0304-3975(85)90135-5",
}

@inproceedings{Cameron2008,
  author =       "Cameron, Nicholas and Drossopoulou, Sophia and Ernst, Erik",
  title =        "{A Model for Java with Wildcards}",
  year =         "2008",
  editor =       "Vitek, Jan",
  booktitle =    "ECOOP 2008 -- Object-Oriented Programming",
  publisher =    "Springer",
  pages =        "2--26",
  isbn =         "978-3-540-70592-5",
  doi =          "10.1007/978-3-540-70592-5_2",
}

@inproceedings{cenciarelli93asyntactic,
  author =       "Cenciarelli, Pietro and Moggi, Eugenio",
  title =        "{A Syntactic Approach to Modularity in Denotational
                  Semantics}",
  booktitle =    "Proceedings of the Conference on Category Theory and Computer
                  Science",
  series =       "CCTCS'93",
  year =         "1993",
}

@unpublished{instantgenerics,
  author =       "Chakravarty, Manuel M. T. and Ditu, Gabriel C. and
                  Leshchinskiy, Roman",
  title =        "{Instant Generics: Fast and Easy}",
  note =         "Unpublished Draft",
  year =         "2009",
  url =          "http://www.cse.unsw.edu.au/~chak/papers/instant-generics.pdf"
}

@inproceedings{levitation,
  author =       "Chapman, James and Dagand, Pierre-{\'E}variste and McBride,
                  Conor and Morris, Peter",
  title =        "{The Gentle Art of Levitation}",
  booktitle =    "Proceedings of the 15th ACM SIGPLAN international conference
                  on Functional programming",
  series =       "ICFP'10",
  year =         "2010",
  isbn =         "978-1-60558-794-3",
  pages =        "3--14",
  numpages =     "12",
  doi =          "10.1145/1863543.1863547",
  publisher =    "ACM",
}

@misc{poplmark:chargueraud,
  author =       "Chargu{\'e}raud, Arthur",
  howpublished = "\url{http://www.chargueraud.org/softs/ln/}",
  note =         "Accessed: 2015-07-02",
  year =         "2007"
}

@inproceedings{cheney:scrapnameplate,
  author =       "Cheney, James",
  title =        "{Scrap Your Nameplate}",
  booktitle =    "Proceedings of the Tenth ACM SIGPLAN International Conference
                  on Functional Programming",
  series =       "ICFP'05",
  year =         "2005",
  isbn =         "1-59593-064-7",
  pages =        "180--191",
  numpages =     "12",
  doi =          "10.1145/1086365.1086389",
  publisher =    "ACM",
}

@inproceedings{cheney:ligd,
  author =       "Cheney, James and Hinze, Ralf",
  title =        "A Lightweight Implementation of Generics and Dynamics",
  booktitle =    "Proceedings of the 2002 ACM SIGPLAN workshop on Haskell",
  series =       "Haskell'02",
  year =         "2002",
  isbn =         "1-58113-605-6",
  pages =        "90--104",
  numpages =     "15",
  doi =          "10.1145/581690.581698",
  publisher =    "ACM",
}

@inproceedings{phoas,
  author =       "Chlipala, Adam",
  title =        "Parametric Higher-order Abstract Syntax for Mechanized
                  Semantics",
  booktitle =    "Proceedings of the 13th ACM SIGPLAN International Conference
                  on Functional Programming",
  series =       "ICFP'08",
  year =         "2008",
  isbn =         "978-1-59593-919-7",
  pages =        "143--156",
  numpages =     "14",
  doi =          "10.1145/1411204.1411226",
  publisher =    "ACM",
}

@book{cpdt,
  author =       "Chlipala, Adam",
  title =        "{Certified Programming with Dependent Types: A Pragmatic
                  Introduction to the Coq Proof Assistant}",
  year =         "2013",
  publisher =    "MIT Press",
}

@inproceedings{clement86mini-ML,
  author =       "Cl{\'e}ment, Dominique and Despeyroux, Thierry and Kahn,
                  Gilles and Despeyroux, Jo{\"e}lle",
  title =        "{A Simple Applicative Language: Mini-ML}",
  booktitle =    "Proceedings of the 1986 ACM Conference on LISP and Functional
                  Programming",
  series =       "LFP'86",
  year =         "1986",
  isbn =         "0-89791-200-4",
  pages =        "13--27",
  numpages =     "15",
  doi =          "10.1145/319838.319847",
  publisher =    "ACM",
}

@misc{coq,
  author =       "Coquand, Thierry and Huet, G{\'e}rard and others",
  title =        "{The Coq Proof Assistant}",
  year =         "1984",
  organization = "LogiCal Project",
  howpublished = "\url{http://coq.inria.fr}",
}

@article{curry1934functionality,
  author =       "Curry, Haskell B",
  title =        "{Functionality in Combinatory Logic}",
  journal =      "Proceedings of the National Academy of Sciences",
  volume =       "20",
  number =       "11",
  pages =        "584--590",
  year =         "1934",
  doi =          "10.1073/pnas.20.11.584",
  publisher =    "National Academy of Sciences",
  issn =         "0027-8424",
}

@article{bindingoperators,
  author =       "de Amorim, Arthur Azevedo",
  title =        "{B}inding {O}perators for {N}ominal {S}ets",
  journal =      "Electronic Notes in Theoretical Computer Science",
  volume =       "325",
  pages =        "3--27",
  year =         "2016",
  note =         "The Thirty-second Conference on the Mathematical Foundations
                  of Programming Semantics (MFPS XXXII)",
  issn =         "1571-0661",
  doi =          "https://doi.org/10.1016/j.entcs.2016.09.029",
}

@article{namelessdummies,
  author =       "de Bruijn, N. G.",
  title =        "Lambda calculus notation with nameless dummies, a tool for
                  automatic formula manipulation, with application to the
                  {C}hurch-{R}osser theorem",
  journal =      "Indagationes Mathematicae",
  volume =       "75",
  number =       "5",
  year =         "1972",
  pages =        "381--392",
  issn =         "1385-7258",
}

@inproceedings{mtc,
  author =       "Delaware, Benjamin and Oliveira, Bruno C. d. S. and
                  Schrijvers, Tom",
  title =        "{M}eta-{T}heory {\`a} la {C}arte",
  booktitle =    "Proceedings of the 40th Annual ACM SIGPLAN-SIGACT Symposium on
                  Principles of Programming Languages",
  series =       "POPL'13",
  year =         "2013",
  isbn =         "978-1-4503-1832-7",
  pages =        "207--218",
  numpages =     "12",
  doi =          "10.1145/2429069.2429094",
  publisher =    "ACM",
}

@inproceedings{Filinski:LayeredMonads,
  author =       "Filinski, Andrzej",
  title =        "{Representing Layered Monads}",
  booktitle =    "Proceedings of the 26th ACM SIGPLAN-SIGACT Symposium on
                  Principles of Programming Languages",
  series =       "POPL'99",
  year =         "1999",
  isbn =         "1-58113-095-3",
  pages =        "175--188",
  numpages =     "14",
  doi =          "10.1145/292540.292557",
  publisher =    "ACM",
}

@article{Filinski:MonadicSemantics,
  author =       "Filinski, Andrzej",
  title =        "On the relations between monadic semantics",
  journal =      "Theoretical Computer Science",
  volume =       "375",
  number =       "1",
  pages =        "41--75",
  year =         "2007",
  issn =         "0304-3975",
  doi =          "https://doi.org/10.1016/j.tcs.2006.12.027",
  publisher =    "Elsevier Science Publishers Ltd.",
}

@inproceedings{Filinski:MonadsInAction,
  author =       "Filinski, Andrzej",
  title =        "Monads in Action",
  booktitle =    "Proceedings of the 37th Annual ACM SIGPLAN-SIGACT Symposium on
                  Principles of Programming Languages",
  series =       "POPL'10",
  year =         "2010",
  isbn =         "978-1-60558-479-9",
  pages =        "483--494",
  numpages =     "12",
  doi =          "10.1145/1706299.1706354",
  publisher =    "ACM",
}

@book{begriffsschrift,
  author =       {Gottlob Frege},
  title =        {{Begriffsschrift: Eine Der Arithmetische Nachgebildete
                  Formelsprache des Reinen Denkens}},
  year =         {1879},
  publisher =    {L. Nebert},
}

@inproceedings{abella,
  author =       "Gacek, Andrew",
  title =        "{T}he {A}bella {I}nteractive {T}heorem {P}rover",
  year =         "2008",
  editor =       "Armando, Alessandro and Baumgartner, Peter and Dowek, Gilles",
  booktitle =    "Automated Reasoning",
  volume =       "5195",
  series =       "LNCS",
  publisher =    "Springer",
  pages =        "154--161",
  isbn =         "978-3-540-71070-7",
}

@inproceedings{dependentpolynomialfunctors,
  author =       "Gambino, Nicola and Hyland, Martin",
  title =        "{Wellfounded Trees and Dependent Polynomial Functors}",
  editor =       "Berardi, Stefano and Coppo, Mario and Damiani, Ferruccio",
  booktitle =    "Types for Proofs and Programs",
  year =         "2004",
  publisher =    "Springer",
  pages =        "210--225",
  isbn =         "978-3-540-24849-1",
  volume =       "3085",
  series =       "LNCS",
}

@article{gentzen1935,
  author =       "Gentzen, Gerhard",
  title =        "{U}ntersuchungen {\"u}ber das logische {S}chlie{\ss}en. {I}.",
  journal =      "Mathematische Zeitschrift",
  year =         "1935",
  volume =       "39",
  number =       "1",
  pages =        "176--210",
  issn =         "1432-1823",
  doi =          "10.1007/BF01201353",
}

@inproceedings{justdoit,
  author =       "Gibbons, Jeremy and Hinze, Ralf",
  title =        "{Just Do It: Simple Monadic Equational Reasoning}",
  booktitle =    "Proceedings of the 16th ACM SIGPLAN International Conference
                  on Functional Programming",
  series =       "ICFP'11",
  year =         "2011",
  isbn =         "978-1-4503-0865-6",
  pages =        "2--14",
  numpages =     "13",
  doi =          "10.1145/2034773.2034777",
  publisher =    "ACM",
}

@article{goguen77initial,
  author =       "Goguen, Joseph A. and Thatcher, James W. and Wagner, Eric G.
                  and Wright, Jesse B.",
  title =        "{I}nitial {A}lgebra {S}emantics and {C}ontinuous {A}lgebras",
  journal =      "Journal of the ACM",
  volume =       "24",
  number =       "1",
  year =         "1977",
  issn =         "0004-5411",
  pages =        "68--95",
  numpages =     "28",
  doi =          "10.1145/321992.321997",
  publisher =    "ACM",
}

@article{huet1997zipper,
  author =       "Huet, G{\'e}rard",
  title =        "{T}he {Z}ipper",
  journal =      "Journal of Functional Programming",
  volume =       "7",
  number =       "5",
  pages =        "549--554",
  year =         "1997",
  publisher =    "Cambridge University Press",
}

@inproceedings{huffmann:transformers,
  author =       "Huffman, Brian",
  title =        "{F}ormal {V}erification of {M}onad {T}ransformers",
  booktitle =    "Proceedings of the 17th ACM SIGPLAN International Conference
                  on Functional Programming",
  series =       "ICFP'12",
  year =         "2012",
  isbn =         "978-1-4503-1054-3",
  pages =        "15--16",
  numpages =     "2",
  doi =          "10.1145/2364527.2364532",
  publisher =    "ACM",
}

@article{hughes98generalisingmonads,
  author =       "Hughes, John",
  title =        "Generalising monads to arrows",
  journal =      "Science of Computer Programming",
  volume =       "37",
  number =       "1",
  pages =        "67--111",
  year =         "2000",
  issn =         "0167-6423",
  publisher =    "Elsevier Science B.V.",
}

@inproceedings{hutton08reasoning,
  author =       "Hutton, Graham and Fulger, Diana",
  title =        "{R}easoning {A}bout {E}ffects: {S}eeing the {W}ood {T}hrough
                  the {T}rees",
  booktitle =    "Proceedings of the Ninth Symposium on Trends in Functional
                  Programming",
  year =         "2008",
}

@article{igarashi2001featherweight,
  author =       "Igarashi, Atsushi and Pierce, Benjamin C. and Wadler, Philip",
  title =        "{Featherweight Java: A Minimal Core Calculus for Java and GJ}",
  journal =      "ACM Transactions on Programming Languages and Systems
                  (TOPLAS)",
  volume =       "23",
  number =       "3",
  year =         "2001",
  issn =         "0164-0925",
  pages =        "396--450",
  numpages =     "55",
  doi =          "10.1145/503502.503505",
  publisher =    "ACM",
}

@inproceedings{jansson:polyp,
  author =       "Jansson, Patrik and Jeuring, Johan",
  title =        "{PolyP -- a polytypic programming language extension}",
  booktitle =    "Proceedings of the 24th ACM SIGPLAN-SIGACT symposium on
                  Principles of programming languages",
  series =       "POPL'97",
  year =         "1997",
  isbn =         "0-89791-853-3",
  pages =        "470--482",
  numpages =     "13",
  doi =          "10.1145/263699.263763",
  publisher =    "ACM",
}

@inproceedings{monatron,
  author =       "Jaskelioff, Mauro",
  title =        "{Monatron: An Extensible Monad Transformer Library}",
  year =         "2011",
  editor =       "Scholz, Sven-Bodo and Chitil, Olaf",
  booktitle =    "Implementation and Application of Functional Languages",
  volume =       "5836",
  series =       "Lecture Notes in Computer Science",
  publisher =    "Springer",
  pages =        "233--248",
  isbn =         "978-3-642-24452-0"
}

@inproceedings{jaskelioff11modularity,
  author =       "Mauro Jaskelioff and Neil Ghani and Graham Hutton",
  title =        "{Modularity and Implementation of Mathematical Operational
                  Semantics}",
  year =         "2011",
  editor =       "McBride, Conor and Capretta, Venanzio",
  series =       "Electronic Notes in Theoretical Computer Science",
  volume =       "229",
  number =       "5",
  pages =        "75--95",
  booktitle =    "Proceedings of the Second Workshop on Mathematically
                  Structured Functional Programming, \textup{MSFP'08}",
  issn =         "1571-0661",
  doi =          "https://doi.org/10.1016/j.entcs.2011.02.017",
}

@inproceedings{lawoftraversals,
  author =       "Jaskelioff, Mauro and Rypacek, Ondrej",
  title =        "{An Investigation of the Laws of Traversals}",
  year =         "2012",
  editor =       "Chapman, James and Levy, Paul Blain",
  booktitle =    "Proceedings of the Fourth Workshop on Mathematically
                  Structured Functional Programming, \textup{MSFP'12}",
  series =       "Electronic Proceedings in Theoretical Computer Science",
  volume =       "76",
  publisher =    "Open Publishing Association",
  pages =        "40--49",
  doi =          "10.4204/EPTCS.76.5",
}

@comment -------

@techreport{jones93,
  author =       {Mark P. Jones and Luc Duponcheel},
  title =        {Composing Monads},
  type =         {Research Report},
  number =       {YALEU/DCS/RR-1004},
  institution =  {Yale University},
  year =         {1993},
}

@inproceedings{hia,
  title =        {Handlers in action},
  author =       {Ohad Kammar and Sam Lindley and Nicolas Oury},
  year =         {2012},
  booktitle =    {The 1st ACM SIGPLAN Workshop on Higher-Order Programming with
                  Effects},
  series =       {HOPE '12},
}

@misc{unidb,
  title =        {UniDB},
  author =       {Keuchel, Steven},
  year =         {2016},
  howpublished = {\url{https://github.com/skeuchel/unidb-coq}},
}

@inproceedings{genconv,
  author =       {Keuchel, Steven and Jeuring, Johan T.},
  title =        {Generic conversions of abstract syntax representations},
  booktitle =    {Proceedings of the 8th ACM SIGPLAN workshop on Generic
                  programming, \textup{WGP '12}},
  year =         {2012},
  isbn =         {978-1-4503-1576-0},
  pages =        {57--68},
  numpages =     {12},
  doi =          {10.1145/2364394.2364403},
  publisher =    {ACM},
  note =         "Copenhagen, Denmark, September 12, 2012"
}

@misc{keuchel2012modular,
  title =        {Modular monadic reasoning, a (co-) routine},
  author =       {Keuchel, Steven and Schrijvers, Tom},
  year =         {2012},
  note =         {Unpublished},
  url =          {https://lirias.kuleuven.be/bitstream/123456789/415572/1/ifl2012_b.pdf},
}

@inproceedings{knotneedle,
  author =       "Keuchel, Steven and Weirich, Stephanie and Schrijvers, Tom",
  title =        "{Needle {\&} Knot: Binder Boilerplate Tied Up}",
  year =         "2016",
  editor =       "Thiemann, Peter",
  series =       "Lecture Notes in Computer Science",
  volume =       "9632",
  booktitle =    "Proceedings of the 25th European Symposium on Programming,
                  \textup{ESOP'16}",
  publisher =    "Springer",
  pages =        "419--445",
  isbn =         "978-3-662-49498-1",
  note =         "Eindhoven, The Netherlands, April 2--8, 2016",
}

@mastersthesis{sk:gpbs,
  title =        {Generic programming with binders and scope},
  author =       {Keuchel, Steven},
  institution =  {University of Utrecht},
  year =         {2011},
}

@inproceedings{gdtc,
  author =       {Keuchel, Steven and Schrijvers, Tom},
  title =        {Generic Datatypes à la Carte},
  booktitle =    {Proceedings of the 9th ACM SIGPLAN workshop on Generic
                  programming},
  series =       {WGP '13},
  year =         {2013},
  isbn =         {978-1-4503-2389-5},
  numpages =     {11},
  doi =          {10.1145/2502488.2502491},
  publisher =    {ACM},
  note =         "Boston, Massachusetts, USA, September 28, 2013"
}

@inproceedings{syb,
  author =       {L\"{a}mmel, Ralf and Jones, Simon Peyton},
  title =        {Scrap your boilerplate: a practical design pattern for generic
                  programming},
  booktitle =    {Proceedings of the 2003 ACM SIGPLAN international workshop on
                  Types in languages design and implementation},
  series =       {TLDI '03},
  year =         {2003},
  isbn =         {1-58113-649-8},
  pages =        {26--37},
  numpages =     {12},
  doi =          {10.1145/604174.604179},
  publisher =    {ACM},
}

@inproceedings{mechanizedsml,
  author =       "Lee, Daniel K. and Crary, Karl and Harper, Robert",
  title =        "{Towards a Mechanized Metatheory of Standard ML}",
  series =       "POPL '07",
  year =         "2007",
  pages =        "173--184",
}

@incollection{gmeta,
  author =       "Lee, Gyesik and Oliveira, Bruno C. d. S. and Cho, Sungkeun and Yi, Kwangkeun",
  title =        "{GMeta: A Generic Formal Metatheory Framework for First-Order Representations}",
  year =         "2012",
  isbn =         "978-3-642-28868-5",
  booktitle =    "Programming Languages and Systems",
  volume =       "7211",
  series =       "Lecture Notes in Computer Science",
  editor =       "Seidl, Helmut",
  publisher =    "Springer",
  pages =        "436-455",
}

@article{Leroy2009,
  author =       "Leroy, Xavier",
  title =        "{A Formally Verified Compiler Back-end}",
  journal =      "Journal of Automated Reasoning",
  year =         "2009",
  volume =       "43",
  number =       "4",
  pages =        "363",
  issn =         "1573-0670",
}

@article{levy06monads,
  author =       "Levy, Paul Blain",
  title =        "Monads and Adjunctions for Global Exceptions",
  journal =      "Electronic Notes in Theoretical Computer Science",
  volume =       "158",
  year =         "2006",
  pages =        "261--287",
}

@inproceedings{liang96modular,
  author =       {Liang, Sheng and Hudak, Paul},
  title =        {Modular Denotational Semantics for Compiler Construction},
  booktitle =    {Proceedings of the 6th European Symposium on Programming
                  Languages and Systems},
  series =       {ESOP '96},
  year =         {1996},
  pages =        {219--234},
  publisher =    {Springer-Verlag},
}

@inproceedings{liang95monad,
  author =       {Liang, Sheng and Hudak, Paul and Jones, Mark},
  title =        {Monad transformers and modular interpreters},
  booktitle =    {Proceedings of the 22nd ACM SIGPLAN-SIGACT symposium on
                  Principles of programming languages},
  series =       {POPL '95},
  year =         {1995},
  pages =        {333--343},
  publisher =    {ACM},
}

@inproceedings{licata:ubc,
  author =       {Licata, Daniel R. and Harper, Robert},
  title =        {A universe of binding and computation},
  booktitle =    {Proceedings of the 14th ACM SIGPLAN international conference
                  on Functional programming},
  series =       {ICFP '09},
  year =         {2009},
  isbn =         {978-1-60558-332-7},
  pages =        {123--134},
  numpages =     {12},
  doi =          {10.1145/1596550.1596571},
  publisher =    {ACM},
}

@inproceedings{loh:dsgh,
  author =       {L\"{o}h, Andres and Clarke, Dave and Jeuring, Johan},
  title =        {Dependency-style {Generic Haskell}},
  booktitle =    {Proceedings of the eighth ACM SIGPLAN international conference
                  on Functional programming},
  series =       {ICFP '03},
  year =         {2003},
  isbn =         {1-58113-756-7},
  pages =        {141--152},
  numpages =     {12},
  doi =          {10.1145/944705.944719},
  publisher =    {ACM},
}

@inproceedings{loh:gpif,
  author =       {L\"{o}h, Andres and Magalh\~{a}es, Jos{\'e} Pedro},
  title =        {Generic Programming with Indexed Functors},
  booktitle =    {Proceedings of the seventh ACM SIGPLAN workshop on Generic
                  programming},
  series =       {WGP '11},
  year =         {2011},
  isbn =         {978-1-4503-0861-8},
  pages =        {1--12},
  numpages =     {12},
  doi =          {10.1145/2036918.2036920},
  publisher =    {ACM},
}

@inproceedings{genericderiving,
  author =       {Magalh\~{a}es, Jos{\'e} Pedro and Dijkstra, Atze and Jeuring,
                  Johan and L\"{o}h, Andres},
  title =        {A generic deriving mechanism for Haskell},
  booktitle =    {Proceedings of the third ACM Haskell symposium on Haskell},
  series =       {Haskell '10},
  year =         {2010},
  isbn =         {978-1-4503-0252-4},
  pages =        {37--48},
  numpages =     {12},
  doi =          {10.1145/1863523.1863529},
  publisher =    {ACM},
}

@inproceedings{jpm:fcadgp,
  author =       {Magalh\~aes, Jos\'e Pedro and L\"oh, Andres},
  year =         {2012},
  title =        {A Formal Comparison of Approaches to Datatype-Generic
                  Programming},
  editor =       {Chapman, James and Levy, Paul Blain},
  booktitle =    {Proceedings Fourth Workshop on Mathematically Structured
                  Functional Programming, Tallinn, Estonia, 25 March 2012},
  series =       {Electronic Proceedings in Theoretical Computer Science},
  volume =       {76},
  publisher =    {Open Publishing Association},
  pages =        {50--67},
}

@phdthesis{malcolm90thesis,
  author =       "Grant Malcolm",
  title =        "{Algebraic Data Types and Program Transformation}",
  school =       "Rijksuniversiteit Groningen",
  year =         "1990",
}

@article{mcbride2010ornamental,
  author =       "McBride, Conor",
  title =        "Ornamental algebras, algebraic ornaments",
  year =         "2010",
  journal =      "Journal of Functional Programming",
}

@article{mcbride08applicative,
  author =       "Mcbride, Conor and Paterson, Ross",
  title =        "Applicative programming with effects",
  year =         "2008",
  journal =      "Journal of Functional Programming",
  volume =       "18",
  number =       "1",
  pages =        "1--13",
  publisher =    "Cambridge University Press",
}

@inproceedings{mendler1987recursivetypes,
  author =       "Nax Paul Mendler",
  title =        "{Recursive Types and Type Constraints in Second-Order Lambda Calculus}",
  year =         "1987",
  booktitle =    "Proceedings of the Second Annual IEEE Symposium on Logic in Computer Science, \textup{LICS'87}",
  pages =        "30--36",
  publisher =    "IEEE Computer Society Press",
}

@article{mendler1991inductivetypes,
  author =       "Nax Paul Mendler",
  title =        "{Inductive types and type constraints in the second-order
                  lambda calculus}",
  year =         "1991",
  issn =         "0168-0072",
  journal =      "Annals of Pure and Applied Logic",
  volume =       "51",
  number =       "1",
  pages =        "159--172",
  publisher =    "Elsevier Science Publishers B.V.",
}

@inproceedings{uniplate,
  author =       {Mitchell, Neil and Runciman, Colin},
  title =        {Uniform boilerplate and list processing},
  booktitle =    {Proceedings of the ACM SIGPLAN workshop on Haskell workshop},
  series =       {Haskell '07},
  year =         {2007},
  isbn =         {978-1-59593-674-5},
  pages =        {49--60},
  numpages =     {12},
  doi =          {10.1145/1291201.1291208},
  publisher =    {ACM},
}

@techreport{Moggi89a,
  author =       {Eugenio Moggi},
  title =        {An abstract view of programming languages},
  institution =  {Edinburgh University, Department of Computer Science},
  year =         1989,
  number =       {ECS-LFCS-90-113},
}

@Article{shapelyfunctors,
  author =       "E. Moggi and G. Bellè and C.B. Jay",
  title =        "Monads, Shapely Functors and Traversals",
  journal =      "Electronic Notes in Theoretical Computer Science",
  volume =       "29",
  pages =        "187-208",
  year =         "1999",
  note =         "\{CTCS\} '99",
  issn =         "1571-0661"
}

@phdthesis{morris2007constructing,
  title =        {Constructing universes for generic programming},
  author =       {Morris, Peter},
  year =         {2007},
  school =       {The University of Nottingham},
}

@inproceedings{morris:cspf,
  author =       {Morris, Peter and Altenkirch, Thorsten and Ghani, Neil},
  title =        {Constructing strictly positive families},
  booktitle =    {Proceedings of the thirteenth Australasian symposium on Theory
                  of computing - Volume 65},
  series =       {CATS'07},
  year =         {2007},
  isbn =         {1-920-68246-5},
  pages =        {111--121},
  numpages =     {11},
  publisher =    {Australian Computer Society, Inc.},
}

@inproceedings{regulartreetypes,
  author =       {Morris, Peter and Altenkirch, Thorsten and McBride, Conor},
  title =        {{E}xploring the {R}egular {T}ree {T}ypes},
  year =         {2006},
  isbn =         {978-3-540-31428-8},
  booktitle =    {Types for Proofs and Programs},
  volume =       {3839},
  series =       {Lecture Notes in Computer Science},
  editor =       {Filliâtre, Jean-Christophe and Paulin-Mohring, Christine and
                  Werner, Benjamin},
  doi =          {10.1007/11617990_16},
  publisher =    {Springer Berlin Heidelberg},
  pages =        {252-267},
}

@article{msos,
  author =       "Peter D. Mosses",
  title =        "Modular structural operational semantics ",
  year =         "2004",
  journal =      "The Journal of Logic and Algebraic Programming ",
  volume =       "60–61",
  number =       "0",
  pages =        "195--228",
}

@book{isabelle,
  title =        {Isabelle/HOL: a proof assistant for higher-order logic},
  author =       {Nipkow, Tobias and Paulson, Lawrence C and Wenzel, Markus},
  volume =       {2283},
  year =         {2002},
  publisher =    {Springer},
}

@phdthesis{norellthesis,
  title =        {Towards a practical programming language based on dependent
                  type theory},
  author =       {Norell, Ulf},
  school =       {Chalmers University of Technology and G\"oteborg University},
  year =         2007,
}

@article{emgm,
  title =        "Extensible and modular generics for the masses",
  author =       "Oliveira, Bruno CdS and Hinze, Ralf and L{\"o}h, Andres",
  journal =      "Trends in Functional Programming",
  volume =       "7",
  pages =        "199--216",
  year =         "2006",
}

@inproceedings{effectiveadvice,
  author =       "Oliveira, Bruno C. d. S. and Schrijvers, Tom and Cook, William
                  R.",
  title =        "{EffectiveAdvice}: disciplined advice with explicit effects",
  booktitle =    "Proceedings of the 9th International Conference on
                  Aspect-Oriented Software Development",
  series =       "AOSD '10",
  year =         "2010",
  pages =        "109--120",
  publisher =    "ACM",
}

@inproceedings{pfenning1998hoas,
  author =       "Pfenning, F. and Elliott, C.",
  title =        "{Higher-order Abstract Syntax}",
  year =         "1988",
  booktitle =    "Proceedings of the ACM SIGPLAN 1988 Conference on Programming
                  Language Design and Implementation",
  series =       "PLDI '88",
  isbn =         "0-89791-269-1",
  pages =        "199--208",
  numpages =     "10",
  doi =          "10.1145/53990.54010",
  publisher =    "ACM",
}

@inproceedings{pfenning90inductively,
  year =         "1990",
  booktitle =    "Mathematical Foundations of Programming Semantics",
  volume =       "442",
  series =       "Lecture Notes in Computer Science",
  title =        "Inductively defined types in the Calculus of Constructions",
  publisher =    "Springer-Verlag",
  author =       "Pfenning, Frank and Paulin-Mohring, Christine",
  pages =        "209-228",
}

@incollection{twelf,
  author =       "Pfenning, Frank and Sch{\"u}rmann, Carsten",
  title =        "{Twelf -- A Meta-Logical Framework for Deductive Systems}",
  year =         "1999",
  booktitle =    "CADE-16",
  publisher =    "Springer",
}

@inproceedings{belugaexplicitcontext,
  author =       "Pientka, Brigitte and Dunfield, Joshua",
  title =        "{Programming with Proofs and Explicit Contexts}",
  series =       "PPDP '08",
  year =         "2008",
  pages =        "163--173",
  publisher =    "ACM",
}

@incollection{beluga,
  author =       "Pientka, Brigitte and Dunfield, Joshua",
  title =        "{B}eluga: A {F}ramework for {P}rogramming and {R}easoning with
                  {D}eductive {S}ystems",
  year =         "2010",
  booktitle =    "IJCAR",
  publisher =    "Springer",
}

@book{tapl,
  author =       "Pierce, Benjamin C.",
  title =        "{Types and Programming Languages}",
  year =         "2002",
  publisher =    "MIT press",
}

@article{nominallogic,
  author =       "Andrew M. Pitts",
  title =        "{Nominal logic, A First Order Theory of Names and Binding}",
  journal =      "Information and Computation",
  volume =       "186",
  year =         "2003",
}

@article{pitts2015,
  author =       "Andrew M. Pitts and Justus Matthiesen and Jasper Derikx",
  title =        "{A Dependent Type Theory with Abstractable Names}",
  year =         "2015",
  journal =      "Electronic Notes in Theoretical Computer Science",
  volume =       "312",
  pages =        "19--50",
  issn =         "1571-0661",
  note =         "Ninth Workshop on Logical and Semantic Frameworks, with
                  Applications (LSFA 2014)",
}

@inproceedings{handlers,
  year =         "2009",
  booktitle =    "Programming Languages and Systems: 18th European Symposium on Programming, ESOP 2009",
  volume =       "5502",
  series =       "Lecture Notes in Computer Science",
  title =        "Handlers of Algebraic Effects",
  publisher =    "Springer",
  author =       "Plotkin, Gordon and Pretnar, Matija",
  pages =        "80--94",
}

@inproceedings{plotkin02notions,
  author =       "Plotkin, Gordon D. and Power, John",
  title =        "Notions of Computation Determine Monads",
  booktitle =    "Proceedings of the 5th International Conference on Foundations of Software Science and Computation Structures",
  series =       "FoSSaCS '02",
  year =         "2002",
  pages =        "342--356",
  publisher =    "Springer-Verlag",
}

@incollection{dbgen,
  author =       "Polonowski, Emmanuel",
  title =        "{Automatically Generated Infrastructure for de Bruijn Syntaxes}",
  year =         "2013",
  booktitle =    "ITP'13",
  volume =       "7998",
  series =       "LNCS",
  publisher =    "Springer",
}

@misc{dblib,
  title =        "dblib",
  author =       "Fran\c{c}ois Pottier",
  howpublished = "\url{https://github.com/fpottier/dblib}",
  note =         "Accessed: 2016-07-04",
  year =         "2013",
}

@inproceedings{freshlook,
  author =       "Pouillard, Nicolas and Pottier, Fran\c{c}ois",
  title =        "{A Fresh Look at Programming with Names and Binders}",
  series =       "ICFP'10",
  year =         "2010",
  pages =        "217--228",
  publisher =    "ACM",
}

@inproceedings{reynolds83types,
  author =       "John C. Reynolds",
  title =        "{Types, Abstraction and Parametric Polymorphism}",
  booktitle =    "IFIP Congress",
  year =         "1983",
  pages =        "513--523",
}

@article{anormalform,
  author =       "Sabry, Amr and Felleisen, Matthias",
  title =        "Reasoning about programs in continuation-passing style",
  year =         "1993",
  journal =      "LSC",
  volume =       "6",
  number =       "3-4",
}

@article{externalinternalsyntax,
  author =       "Masahiko Sato and Randy Pollack",
  title =        "External and internal syntax of the \textlambda-calculus",
  journal =      "JSC",
  volume =       "45",
  number =       "5",
  pages =        "598 - 616",
  year =         "2010",
  note =         "",
  issn =         "0747-7171"
}

@inproceedings{debruijndecidability,
  author =       "Sch{\"a}fer, Steven and Smolka, Gert and Tebbi, Tobias",
  title =        "{Completeness and Decidability of De Bruijn Substitution Algebra in Coq}",
  year =         "2015",
  booktitle =    "CPP'15",
  publisher =    "ACM",
}

@inproceedings{autosubst,
  author =       "Sch{\"a}fer, Steven and Tebbi, Tobias and Smolka, Gert",
  title =        "{Autosubst: Reasoning with de Bruijn Terms and Parallel Substitutions}",
  year =         "2015",
  editor =       "Xingyuan Zhang and Christian Urban",
  publisher =    "Springer",
  booktitle =    "ITP'15",
  series =       "LNAI",
}

@techreport{schrijvers10zipper+tr,
  author =       "Schrijvers, Tom and Oliveira, Bruno C. d. S.",
  title =        "{The Monad Zipper}",
  year =         "2010",
  number =       "595",
  type =         "Report CW",
  institution =  "Dept. of Computer Science, K.U.Leuven"
}

@inproceedings{schwaab:mtp,
  author =       "Schwaab, Christopher and Siek, Jeremy G.",
  title =        "{Modular type-safety proofs in Agda}",
  booktitle =    "Proceedings of the 7th workshop on Programming languages meets program verification",
  series =       "PLPV'13",
  year =         "2013",
  isbn =         "978-1-4503-1860-0",
  pages =        "3--12",
  numpages =     "10",
  doi =          "10.1145/2428116.2428120",
  publisher =    "ACM",
}

@article{ottjfp,
  author =       "Sewell, Peter and Nardelli, Francesco Zappa and Owens, Scott
                  and Peskine, Gilles and Ridge, Thomas and Sarkar, Susmit and
                  Strni{\v{s}}a, Rok",
  title =        "Ott: Effective tool support for the working semanticist",
  journal =      "Journal of Functional Programming",
  volume =       "20",
  issue =        "01",
  year =         "2010",
}

@inproceedings{romeo,
  author =       "Stansifer, Paul and Wand, Mitchell",
  title =        "{Romeo: A System for More Flexible Binding-safe Programming}",
  booktitle =    "ICFP'14",
  year =         "2014",
  pages =        "53--65",
  publisher =    "ACM",
}

@inproceedings{steele,
  author =       {Steele,Jr., Guy L.},
  title =        {Building interpreters by composing monads},
  booktitle =    {Proceedings of the 21st ACM SIGPLAN-SIGACT symposium on
                  Principles of programming languages},
  series =       {POPL '94},
  year =         {1994},
  pages =        {472--492},
  publisher =    {ACM},
}

@inproceedings{stump2005algebra,
  author =       "Stump, Aaron and Tan, Li-Yang",
  title =        "{The Algebra of Equality Proofs}",
  booktitle =    "International Conference on Rewriting Techniques and Applications",
  pages =        "469--483",
  year =         "2005",
  organization = "Springer",
}

@article{swierstra2008dtc,
  author =       "Swierstra, Wouter",
  title =        "{Data types \`a la carte}",
  journal =      "Journal of Functional Programming",
  volume =       "18",
  number =       "4",
  year =         "2008",
  pages =        "423--436",
}

@misc{twelfwiki,
  author =       "The Twelf Project",
  title =        "{The Twelf Wiki}",
  howpublished = "\url{http://twelf.org/wiki}",
  note =         "Accessed: 2015-10-14",
  year =         "2015",
}

@incollection{nominal,
  author =       {Urban, Christian and Tasson, Christine},
  title =        {{N}ominal {T}echniques in {I}sabelle/{HOL}},
  year =         {2005},
  booktitle =    {CADE-20},
  volume =       {3632},
  series =       {LNCS},
  publisher =    {Springer},
}

@inproceedings{urban2007barendregt,
  author =       "Urban, Christian and Berghofer, Stefan and Norrish, Michael",
  title =        "{Barendregt's Variable Convention in Rule Inductions}",
  year =         "2007",
  editor =       "Pfenning, Frank",
  booktitle =    "Automated Deduction -- CADE-21",
  publisher =    "Springer",
  pages =        "35--50",
  isbn =         "978-3-540-73595-3",
}

@inproceedings{uustalu00mendler,
  author =       "Uustalu, Tarmo and Vene, Varmo",
  title =        "Coding recursion {\`a} la Mendler",
  booktitle =    "Proceedings 2nd Workshop on Generic Programming, WGP '00",
  howpublished = "Tech Report UU-CS-2000-19",
  institution =  "Department of Computer Science, Utrecht University",
  pages =        "69--85",
  year =         "2000",
}

@article{vannoort2010lightweight,
  title =        "A lightweight approach to datatype-generic rewriting",
  author =       "Van Noort, Thomas and Yakushev, Alexey Rodriguez and
                  Holdermans, Stefan and Jeuring, Johan and Heeren, Bastiaan and
                  Magalh{\~a}es, Jos{\'e} Pedro",
  journal =      "Journal of Functional Programming",
  volume =       "20",
  number =       "3-4",
  pages =        "375--413",
  year =         "2010",
}

@inproceedings{dgpcoq,
  author =       {Verbruggen, Wendy and de Vries, Edsko and Hughes, Arthur},
  title =        {{Polytypic programming in Coq}},
  booktitle =    {Proceedings of the ACM SIGPLAN workshop on Generic programming},
  series =       {WGP '08},
  year =         {2008},
  isbn =         {978-1-60558-060-9},
  pages =        {49--60},
  numpages =     {12},
  publisher =    {ACM},
}

@inproceedings{voigt09free,
  author =       "Voigtl{\"a}nder, Janis",
  title =        "{Free theorems involving type constructor classes: functional
                  pearl}",
  year =         "2009",
  booktitle =    "Proceedings of the 14th ACM SIGPLAN international conference
                  on Functional programming",
  series =       "ICFP '09",
  pages =        "173--184",
  publisher =    "ACM",
}

@article{poplmark:vouillon,
  author =       "Vouillon, J\'r\^ome",
  title =        "{A Solution to the PoplMark Challenge Based on de Bruijn
                  Indices}",
  year =         "2012",
  journal =      "Journal of Automated Reasoning",
  volume =       "49",
  number =       "3",
}

@incollection{wadler89theorems,
  author =       {Wadler, Philip},
  title =        {Theorems for free!},
  booktitle =    {Proceedings of the fourth international conference on
                  Functional programming languages and computer architecture},
  series =       {FPCA '89},
  year =         {1989},
  pages =        {347--359},
  publisher =    {ACM},
}

@inproceedings{Wadler92a,
  author =       {Philip Wadler},
  title =        {Monads for functional programming},
  booktitle =    {{Proceedings of the Marktoberdorf Summer School on Program
                  Design Calculi}},
  year =         {1992},
}

@misc{expression-problem,
  author =       "Philip Wadler",
  title =        "{The Expression Problem}",
  howpublished = "\url{http://homepages.inf.ed.ac.uk/wadler/papers/expression/expression.txt}",
  year =         "1998",
  note =         "Accessed: 2017-05-10",
}

@article{propositionsastypes,
  author =       {Philip Wadler},
  title =        {Propositions as types},
  journal =      {Commun. ACM},
  volume =       {58},
  number =       {12},
  pages =        {75--84},
  year =         {2015},
}

@incollection{clf,
  author =       {Watkins, Kevin and Cervesato, Iliano and Pfenning, Frank and
                  Walker, David},
  year =         {2004},
  booktitle =    {TYPES},
  volume =       {3085},
  series =       {LNCS},
  title =        {A Concurrent Logical Framework: The Propositional Fragment},
  publisher =    {Springer},
}

@inproceedings{unbound,
  author =       {Weirich, Stephanie and Yorgey, Brent A. and Sheard, Tim},
  title =        {Binders unbound},
  booktitle =    {Proceedings of the 16th ACM SIGPLAN international conference
                  on Functional programming},
  series =       {ICFP'11},
  year =         {2011},
  isbn =         {978-1-4503-0865-6},
  pages =        {333--345},
  numpages =     {13},
  doi =          {10.1145/2034773.2034818},
  publisher =    {ACM},
}

@article{progresspreservation,
  author =       "A.K. Wright and M. Felleisen",
  title =        "{A Syntactic Approach to Type Soundness}",
  year =         "1994",
  journal =      "Information and Computation",
  volume =       "115",
  number =       "1",
}

@inproceedings{multirec,
  author =       "Yakushev, Alexey Rodriguez and Holdermans, Stefan and L{\"o}h,
                  Andres and Jeuring, Johan",
  title =        "Generic programming with fixed points for mutually recursive
                  datatypes",
  booktitle =    "Proceedings of the 14th ACM SIGPLAN international conference
                  on Functional programming",
  series =       "ICFP '09",
  year =         "2009",
  isbn =         "978-1-60558-332-7",
  pages =        "233--244",
  numpages =     "12",
  doi =          "10.1145/1596550.1596585",
  publisher =    "ACM",
}

@inproceedings{yang2011bugs,
  author =       "Yang, Xuejun and Chen, Yang and Eide, Eric and Regehr, John",
  title =        "{Finding and Understanding Bugs in C Compilers}",
  booktitle =    "Proceedings of the 32Nd ACM SIGPLAN Conference on Programming
                  Language Design and Implementation",
  series =       "PLDI '11",
  year =         "2011",
  isbn =         "978-1-4503-0663-8",
  pages =        "283--294",
  numpages =     "12",
  doi =          "10.1145/1993498.1993532",
  publisher =    "ACM",
}

@inproceedings{Zhao2010,
  author =       "Zhao, Jianzhou and Zhang, Qi and Zdancewic, Steve",
  editor =       "Ueda, Kazunori",
  title =        "{Relational Parametricity for a Polymorphic Linear Lambda
                  Calculus}",
  bookTitle =    "Programming Languages and Systems: 8th Asian Symposium, APLAS
                  2010, Shanghai, China, November 28 - December 1, 2010.
                  Proceedings",
  year =         "2010",
  publisher =    "Springer Berlin Heidelberg",
  pages =        "344--359",
  isbn =         "978-3-642-17164-2",
  doi =          "10.1007/978-3-642-17164-2_24",
}

@comment -----------------------------------------------------------------------

@article{alphacaml,
  author =       {Fran\c{c}ois Pottier},
  title =        {An Overview of {C}\textalpha ml},
  journal =      "Electronic Notes in Theoretical Computer Science",
  volume =       {148},
  number =       {2},
  year =         {2006},
}

@book{atapl,
  title =        {Advanced topics in types and programming languages},
  author =       {Pierce, Benjamin C},
  year =         {2005},
  publisher =    {MIT press},
}

@techreport{candidatesforsubstitution,
  author =       "Goguen, H. and McKinna, J.",
  title =        "Candidates for Substitution",
  institution =  "University of Edinburgh",
  year =         "1997"
}

@article{debruijn,
  title =        "Telescopic mappings in typed lambda calculus ",
  journal =      "Information and Computation",
  year =         "1991",
  author =       "N.G. de Bruijn"
}

@inproceedings{fingmodules,
  author =       {Rossberg, Andreas and Russo, Claudio V. and Dreyer, Derek},
  title =        {F-ing {M}odules},
  booktitle =    {TLDI '10},
  year =         {2010},
  publisher =    {ACM},
}

@incollection{genericprogramming,
  title =        "{Generic Programming}",
  author =       "Backhouse, Roland and Jansson, Patrik and Jeuring, Johan and Meertens, Lambert",
  year =         "1999",
  booktitle =    "Advanced Functional Programming",
  volume =       "1608",
  series =       "LNCS",
  editor =       "Swierstra, S.Doaitse and Oliveira, José N. and Henriques, Pedro R.",
  publisher =    "Springer",
  pages =        "28-115",
}

@inproceedings{hereditarysubstitutionsformalized,
  author =       {Keller, Chantal and Altenkirch, Thorsten},
  title =        {Hereditary Substitutions for Simple Types, Formalized},
  booktitle =    {MSFP '10},
  year =         {2010},
  pages =        {3--10},
  publisher =    {ACM},
}

@article{hybrid,
  title =        "{T}wo-{L}evel {H}ybrid: {A} {S}ystem for {R}easoning Using
                  {H}igher-{O}rder {A}bstract {S}yntax ",
  journal =      "Electronic Notes in Theoretical Computer Science",
  year =         "2008",
  author =       "Alberto Momigliano and Alan J. Martin and Amy P. Felty"
}

@article{jazayeri:circularity,
  author =       {Jazayeri, Mehdi and Ogden, William F. and Rounds, William C.},
  title =        {The {I}ntrinsically {E}xponential {C}omplexity of the
                  {C}ircularity {P}roblem for {A}ttribute {G}rammars},
  journal =      {Commun. ACM},
  year =         {1975},
}

@article{knuth:ag,
  year =         {1968},
  issn =         {0025-5661},
  journal =      {Mathematical systems theory},
  volume =       {2},
  number =       {2},
  title =        {Semantics of context-free languages},
  author =       {Knuth, Donald E.},
  pages =        {127-145},
}

@incollection{nominal2,
  title =        {{G}eneral {B}indings and {A}lpha-{E}quivalence in {N}ominal
                  {I}sabelle},
  year =         {2011},
  booktitle =    {ESOP},
  publisher =    {Springer},
  author =       {Urban, Christian and Kaliszyk, Cezary},
}

@Article{poplmark:leroy,
  title =        {A locally nameless solution to the POPLmark challenge},
  author =       {Leroy, Xavier},
  year =         {2007},
}

@TechReport{scopegraphsconstraint,
  title =        {A {C}onstraint {L}anguage for {S}tatic {S}emantic {A}nalysis
                  based on {S}cope {G}raphs},
  author =       {Van Antwerpen, Hendrik and N{\'e}ron, Pierre and Tolmach,
                  Andrew and Visser, Eelco and Wachsmuth, Guido},
  year =         {2015},
  institution =  {TU Delft},
}

@InProceedings{systemfcequality,
  author =       {Weirich, Stephanie and Hsu, Justin and Eisenberg, Richard A.},
  title =        {System {FC} with Explicit Kind Equality},
  booktitle =    {ICFP '13},
  year =         {2013},
  publisher =    {ACM},
}

@InCollection{theoryofnameresolution,
  title =        {A {T}heory of {N}ame {R}esolution},
  author =       {Neron, Pierre and Tolmach, Andrew and Visser, Eelco and
                  Wachsmuth, Guido},
  year =         {2015},
  booktitle =    {Programming {L}anguages and {S}ystems},
  volume =       {9032},
  series =       {LNCS},
  editor =       {Vitek, Jan},
  publisher =    {Springer},
  pages =        {205-231},
}

@phdthesis{virga:higherorderrewriting,
  title =        {Higher-order rewriting with dependent types},
  author =       {Virga, Roberto},
  year =         {1999},
  school =       {Carnegie Mellon University Pittsburgh, PA},
}

@inproceedings{why3binders,
  author =       {Clochard, Martin and March{\'e}, Claude and Paskevich, Andrei},
  title =        {Verified Programs with Binders},
  booktitle =    {PLPV '14},
  year =         {2014},
  publisher =    {ACM},
}

@InCollection{why3framework,
  year =         {2013},
  booktitle =    {ESOP},
  title =        {Why3 — {W}here {P}rograms {M}eet {P}rovers},
  publisher =    {Springer},
  author =       {Filli\^atre, Jean-Christophe and Paskevich, Andrei},
}

@inproceedings{3mt,
  author =       {Delaware, Benjamin and Keuchel, Steven and Schrijvers, Tom and
                  Oliveira, Bruno C. d. S.},
  title =        {{M}odular {M}onadic {M}eta-{T}heory},
  booktitle =    {Proceedings of the 18th ACM SIGPLAN international conference
                  on Functional programming},
  series =       {ICFP '13},
  year =         {2013},
  numpages =     {12},
  doi =          {10.1145/2500365.2500587},
  publisher =    {ACM},
  note =         "Boston, Massachusetts, USA, September 25--27, 2013"
}

@phdthesis{allmodality,
  author =       "Dirk Pattinson",
  title =        "Expressivity Results in the Modal Logic of Coalgebras",
  school =       "Universit{\"a}t M{\"u}nchen",
  year =         "2001",
}

@inproceedings{grigore2017,
  author =       {Grigore, Radu},
  title =        {Java Generics Are Turing Complete},
  booktitle =    {Proceedings of the 44th ACM SIGPLAN Symposium on Principles of
                  Programming Languages},
  series =       {POPL 2017},
  year =         {2017},
  isbn =         {978-1-4503-4660-3},
  pages =        {73--85},
  numpages =     {13},
  doi =          {10.1145/3009837.3009871},
  publisher =    {ACM},
}

@inproceedings{arts2015testing,
  title =        {Testing AUTOSAR software with QuickCheck},
  author =       {Arts, Thomas and Hughes, John and Norell, Ulf and Svensson,
                  Hans},
  booktitle =    {Software Testing, Verification and Validation Workshops
                  (ICSTW), 2015 IEEE Eighth International Conference on},
  pages =        {1--4},
  year =         {2015},
  organization = {IEEE},
}

@article{pugh2000java,
  title =        {The Java memory model is fatally flawed},
  author =       {Pugh, William},
  journal =      {Concurrency - Practice and Experience},
  volume =       {12},
  number =       {6},
  pages =        {445--455},
  year =         {2000},
}

@book{robinson2001handbook,
  title =        {Handbook of automated reasoning},
  author =       {Robinson, Alan JA and Voronkov, Andrei},
  volume =       {1},
  year =         {2001},
  publisher =    {Elsevier},
}


@article{approximatebacktranslation,
  author =       "Devriese, Dominique and Patrignani, Marco and Piessens, Frank
                  and Keuchel, Steven",
  title =        "{Modular, Fully-abstract Compilation by Approximate
                  Back-translation}",
  doi =          "10.23638/LMCS-13(4:2)2017",
  journal =      "Logical Methods in Computer Science",
  volume =       "13",
  issue =        "4",
  year =         "2017",
}

@misc{poplmark:cmu,
  title =        "{CMU}'s solution to the {POPL}mark challenge",
  author =       "Ashley-Rollmann, Michael and Crary, Karl and Harper, Robert",
  howpublished = "\url{https://www.seas.upenn.edu/~plclub/poplmark/cmu.html}",
  note =         "Accessed: 2018-01-10",
  year =         "2005"
}

@phdthesis{keuchel2018,
  author =       "Keuchel, Steven",
  title =        "{Reusability for Mechanized Meta-Theory}",
  school =       "Universiteit Gent",
  year =         "2018",
  note =         "Draft",
}

@article{pollack2012locallynamed,
  author =       "Pollack, Randy and Sato, Masahiko and Ricciotti, Wilmer",
  title =        "{A Canonical Locally Named Representation of Binding}",
  journal =      "Journal of Automated Reasoning",
  year =         "2012",
  volume =       "49",
  number =       "2",
  pages =        "185--207",
  issn =         "1573-0670",
  doi =          "10.1007/s10817-011-9229-y",
}

@misc{javaunsoundindustry,
  author =       "Tate, Ross",
  year =         "2017",
  howpublished = "\url{https://dev.to/rosstate/java-is-unsound-the-industry-perspective}",
  note =         "Accessed: 2018-05-15",
}

@book{girard1989proofs,
  author =       {Girard, Jean-Yves and Lafont, Yves and Taylor, Paul},
  title =        "{Proofs and Types}",
  series =       "Cambridge Tracts in Theoretical Computer Science",
  volume =       "7",
  year =         {1989},
  publisher =    {Cambridge University Press}
}
