@STRING{par10  = "Workshop on Partiality And Recursion in Interative Theorem
		 Provers (PAR 2010), Satellite Workshop of ITP'10 at FLoC
		 2010" }

@InProceedings{miniagda,
  author       = {Andreas Abel},
  title		       = {MiniAgda: {I}ntegrating Sized and Dependent Types},
  booktitle    = par10,
  year	       = {2010},
  editor       = {Ana Bove and Ekaterina Komendantskaya and Milad Niqui},
}

@article{dtc,
  author =	 {Swierstra, Wouter},
  title =	 {Data types \`a la carte},
  journal =	 {J. Funct. Program.},
  issue_date =	 {July 2008},
  volume =	 {18},
  number =	 {4},
  year =	 {2008}
}

@inproceedings{mtc,
  author =	 {Delaware, Benjamin and Oliveira, Bruno C. d. S. and
                  Schrijvers, Tom},
  title =	 {Meta-theory \`a la carte},
  booktitle =	 {Proceedings of the 40th annual ACM SIGPLAN-SIGACT
                  symposium on Principles of programming languages},
  series =	 {POPL '13},
  year =	 {2013},
  isbn =	 {978-1-4503-1832-7},
  location =	 {Rome, Italy},
  pages =	 {207--218},
  numpages =	 {12},
  url =		 {http://doi.acm.org/10.1145/2429069.2429094},
  doi =		 {10.1145/2429069.2429094},
  acmid =	 {2429094},
  publisher =	 {ACM},
  address =	 {New York, NY, USA},
  keywords =	 {coq, extensible church encodings, modular mechanized
                  meta-theory},
}

@INPROCEEDINGS{indexedcontainers,
  author =	 {Altenkirch, Thorsten and Morris, Peter},
  booktitle =	 {Logic In Computer Science, 2009. LICS '09. 24th
                  Annual IEEE Symposium on},
  title =	 {Indexed Containers},
  year =	 {2009},
  pages =	 {277-285},
  keywords =	 {functional programming;genetic algorithms;Agda
                  system;core type theory;data type-generic
                  programming;data type-generic reasoning;indexed
                  containers;inductive families;polymorphic
                  functions;Type Theory;functional programming},
  doi =		 {10.1109/LICS.2009.33},
  ISSN =	 {1043-6871},
}

@article{3mt,
  title =	 {Modular Monadic Meta-Theory},
  author =	 {Delaware, Benjamin and Keuchel, Steven and
                  Schrijvers, Tom and Oliveira, Bruno C. d. S.}
}


@inproceedings{jpm:fcadgp,
  author = {Magalh\~aes, Jos\'e Pedro and L\"oh, Andres},
  year = {2012},
  title = {A Formal Comparison of Approaches to Datatype-Generic Programming},
  editor = {Chapman, James and Levy, Paul Blain},
  booktitle = {Proceedings Fourth Workshop on
               Mathematically Structured Functional Programming,
               Tallinn, Estonia, 25 March 2012},
  series = {Electronic Proceedings in Theoretical Computer Science},
  volume = {76},
  publisher = {Open Publishing Association},
  pages = {50--67},
  doi = {10.4204/EPTCS.76.6},
}

@inproceedings{sk:gcasr,
 author = {Keuchel, Steven and Jeuring, Johan T.},
 title = {Generic conversions of abstract syntax representations},
 booktitle = {Proceedings of the 8th ACM SIGPLAN workshop on Generic programming},
 series = {WGP '12},
 year = {2012},
 isbn = {978-1-4503-1576-0},
 location = {Copenhagen, Denmark},
 pages = {57--68},
 numpages = {12},
 url = {http://doi.acm.org/10.1145/2364394.2364403},
 doi = {10.1145/2364394.2364403},
 acmid = {2364403},
 publisher = {ACM},
 address = {New York, NY, USA},
 keywords = {abstract syntax, datatype-generic programming, fixed points},
}

@mscthesis{sk:gpbs,
  title =	 {Generic programming with binders and scope},
  author =	 {Keuchel, Steven},
  institution =	 {University of Utrecht},
  year =	 {2011}
}

@incollection{poplmark,
  year =	 {2005},
  isbn =	 {978-3-540-28372-0},
  booktitle =	 {Theorem Proving in Higher Order Logics},
  volume =	 {3603},
  series =	 {Lecture Notes in Computer Science},
  editor =	 {Hurd, Joe and Melham, Tom},
  doi =		 {10.1007/11541868_4},
  title =	 {Mechanized Metatheory for the Masses: The PoplMark
                  Challenge},
  url =		 {http://dx.doi.org/10.1007/11541868_4},
  publisher =	 {Springer Berlin Heidelberg},
  author =	 {Aydemir, Brian E. and Bohannon, Aaron and Fairbairn,
                  Matthew and Foster, J.Nathan and Pierce,
                  Benjamin C. and Sewell, Peter and Vytiniotis,
                  Dimitrios and Washburn, Geoffrey and Weirich,
                  Stephanie and Zdancewic, Steve},
  pages =	 {50-65}
}

@inproceedings{schwaab:mtp,
  author =	 {Schwaab, Christopher and Siek, Jeremy G.},
  title =	 {Modular type-safety proofs in {Agda}},
  booktitle =	 {Proceedings of the 7th workshop on Programming
                  languages meets program verification},
  series =	 {PLPV '13},
  year =	 {2013},
  isbn =	 {978-1-4503-1860-0},
  location =	 {Rome, Italy},
  pages =	 {3--12},
  numpages =	 {10},
  url =		 {http://doi.acm.org/10.1145/2428116.2428120},
  doi =		 {10.1145/2428116.2428120},
  acmid =	 {2428120},
  publisher =	 {ACM},
  address =	 {New York, NY, USA},
  keywords =	 {agda, meta-theory, modularity},
}

@inproceedings{altenkirch:gpwdtp,
  author =	 {Altenkirch, Thorsten and McBride, Conor},
  title =	 {Generic Programming within Dependently Typed
                  Programming},
  booktitle =	 {Proceedings of the IFIP TC2/WG2.1 Working Conference
                  on Generic Programming},
  year =	 {2003},
  isbn =	 {1-4020-7374-7},
  pages =	 {1--20},
  numpages =	 {20},
  url =		 {http://dl.acm.org/citation.cfm?id=647100.717294},
  acmid =	 {717294},
  publisher =	 {Kluwer, B.V.},
  address =	 {Deventer, The Netherlands, The Netherlands},
}

@inproceedings{jansson:polyp,
  author =	 {Jansson, Patrik and Jeuring, Johan},
  title =	 {PolyP -- a polytypic programming language extension},
  booktitle =	 {Proceedings of the 24th ACM SIGPLAN-SIGACT symposium
                  on Principles of programming languages},
  series =	 {POPL '97},
  year =	 {1997},
  isbn =	 {0-89791-853-3},
  location =	 {Paris, France},
  pages =	 {470--482},
  numpages =	 {13},
  url =		 {http://doi.acm.org/10.1145/263699.263763},
  doi =		 {10.1145/263699.263763},
  acmid =	 {263763},
  publisher =	 {ACM},
  address =	 {New York, NY, USA},
}

@inproceedings{loh:dsgh,
  author =	 {L\"{o}h, Andres and Clarke, Dave and Jeuring, Johan},
  title =	 {Dependency-style {Generic Haskell}},
  booktitle =	 {Proceedings of the eighth ACM SIGPLAN international
                  conference on Functional programming},
  series =	 {ICFP '03},
  year =	 {2003},
  isbn =	 {1-58113-756-7},
  location =	 {Uppsala, Sweden},
  pages =	 {141--152},
  numpages =	 {12},
  url =		 {http://doi.acm.org/10.1145/944705.944719},
  doi =		 {10.1145/944705.944719},
  acmid =	 {944719},
  publisher =	 {ACM},
  address =	 {New York, NY, USA},
  keywords =	 {functional programming, generic haskell, generic
                  programming, type systems},
}

@inproceedings{cheney:ligd,
  author =	 {Cheney, James and Hinze, Ralf},
  title =	 {A Lightweight Implementation of Generics and
                  Dynamics},
  booktitle =	 {Proceedings of the 2002 ACM SIGPLAN workshop on
                  Haskell},
  series =	 {Haskell '02},
  year =	 {2002},
  isbn =	 {1-58113-605-6},
  location =	 {Pittsburgh, Pennsylvania},
  pages =	 {90--104},
  numpages =	 {15},
  url =		 {http://doi.acm.org/10.1145/581690.581698},
  doi =		 {10.1145/581690.581698},
  acmid =	 {581698},
  publisher =	 {ACM},
  address =	 {New York, NY, USA},
  keywords =	 {dynamic typing, generic programming, type
                  representations},
}

@inproceedings{syb,
  author =	 {L\"{a}mmel, Ralf and Jones, Simon Peyton},
  title =	 {Scrap your boilerplate: a practical design pattern
                  for generic programming},
  booktitle =	 {Proceedings of the 2003 ACM SIGPLAN international
                  workshop on Types in languages design and
                  implementation},
  series =	 {TLDI '03},
  year =	 {2003},
  isbn =	 {1-58113-649-8},
  location =	 {New Orleans, Louisiana, USA},
  pages =	 {26--37},
  numpages =	 {12},
  url =		 {http://doi.acm.org/10.1145/604174.604179},
  doi =		 {10.1145/604174.604179},
  acmid =	 {604179},
  publisher =	 {ACM},
  address =	 {New York, NY, USA},
  keywords =	 {generic programming, rank-2 types, traversal, type
                  cast},
}

@inproceedings{multirec,
 author = {Yakushev, Alexey Rodriguez and Holdermans, Stefan and L\"{o}h, Andres and Jeuring, Johan},
 title = {Generic programming with fixed points for mutually recursive datatypes},
 booktitle = {Proceedings of the 14th ACM SIGPLAN international conference on Functional programming},
 series = {ICFP '09},
 year = {2009},
 isbn = {978-1-60558-332-7},
 location = {Edinburgh, Scotland},
 pages = {233--244},
 numpages = {12},
 url = {http://doi.acm.org/10.1145/1596550.1596585},
 doi = {10.1145/1596550.1596585},
 acmid = {1596585},
 publisher = {ACM},
 address = {New York, NY, USA},
 keywords = {datatype-generic programming, fixed points, haskell, mutually recursive datatypes},
}

@inproceedings{loh:gpif,
  author =	 {L\"{o}h, Andres and Magalh\~{a}es, Jos{\'e} Pedro},
  title =	 {Generic Programming with Indexed Functors},
  booktitle =	 {Proceedings of the seventh ACM SIGPLAN workshop on
                  Generic programming},
  series =	 {WGP '11},
  year =	 {2011},
  isbn =	 {978-1-4503-0861-8},
  location =	 {Tokyo, Japan},
  pages =	 {1--12},
  numpages =	 {12},
  url =		 {http://doi.acm.org/10.1145/2036918.2036920},
  doi =		 {10.1145/2036918.2036920},
  acmid =	 {2036920},
  publisher =	 {ACM},
  address =	 {New York, NY, USA},
  keywords =	 {agda, datatype-generic programming,
                  dependently-typed programming, indexed functor},
}

@article{benke:ugpp,
  author =	 {Benke, Marcin and Dybjer, Peter and Jansson, Patrik},
  title =	 {Universes for generic programs and proofs in
                  dependent type theory},
  journal =	 {Nordic J. of Computing},
  issue_date =	 {December 2003},
  volume =	 {10},
  number =	 {4},
  month =	 dec,
  year =	 {2003},
  issn =	 {1236-6064},
  pages =	 {265--289},
  numpages =	 {25},
  url =		 {http://dl.acm.org/citation.cfm?id=985799.985801},
  acmid =	 {985801},
  publisher =	 {Publishing Association Nordic Journal of Computing},
  address =	 {Finland},
  keywords =	 {algebraic specifications, dependent types, generic
                  programming, inductive definitions, martin-L\"{o}f
                  type theory, polytypic programming},
}

@incollection{ertt,
  year =	 {2006},
  isbn =	 {978-3-540-31428-8},
  booktitle =	 {Types for Proofs and Programs},
  volume =	 {3839},
  series =	 {Lecture Notes in Computer Science},
  editor =	 {Filliâtre, Jean-Christophe and Paulin-Mohring,
                  Christine and Werner, Benjamin},
  doi =		 {10.1007/11617990_16},
  title =	 {Exploring the Regular Tree Types},
  url =		 {http://dx.doi.org/10.1007/11617990_16},
  publisher =	 {Springer Berlin Heidelberg},
  author =	 {Morris, Peter and Altenkirch, Thorsten and McBride,
                  Conor},
  pages =	 {252-267}
}

@inproceedings{dgpcoq,
  author =	 {Verbruggen, Wendy and de Vries, Edsko and Hughes,
                  Arthur},
  title =	 {Polytypic programming in COQ},
  booktitle =	 {Proceedings of the ACM SIGPLAN workshop on Generic
                  programming},
  series =	 {WGP '08},
  year =	 {2008},
  isbn =	 {978-1-60558-060-9},
  location =	 {Victoria, BC, Canada},
  pages =	 {49--60},
  numpages =	 {12},
  url =		 {http://doi.acm.org/10.1145/1411318.1411326},
  doi =		 {10.1145/1411318.1411326},
  acmid =	 {1411326},
  publisher =	 {ACM},
  address =	 {New York, NY, USA},
  keywords =	 {coq, formalization, generic programming,
                  kind-indexed types, polytypic programming, theorem
                  proving},
}

@inproceedings{morris:cspf,
  author =	 {Morris, Peter and Altenkirch, Thorsten and Ghani,
                  Neil},
  title =	 {Constructing strictly positive families},
  booktitle =	 {Proceedings of the thirteenth Australasian symposium
                  on Theory of computing - Volume 65},
  series =	 {CATS '07},
  year =	 {2007},
  isbn =	 {1-920-68246-5},
  location =	 {Ballarat, Victoria, Australia},
  pages =	 {111--121},
  numpages =	 {11},
  url =		 {http://dl.acm.org/citation.cfm?id=1273694.1273708},
  acmid =	 {1273708},
  publisher =	 {Australian Computer Society, Inc.},
  address =	 {Darlinghurst, Australia, Australia},
  keywords =	 {advanced data types, dependently typed programming,
                  epigram, generic programming},
}

@inproceedings{cheney:synp,
  author =	 {Cheney, James},
  title =	 {Scrap your nameplate: (functional pearl)},
  booktitle =	 {Proceedings of the tenth ACM SIGPLAN international
                  conference on Functional programming},
  series =	 {ICFP '05},
  year =	 {2005},
  isbn =	 {1-59593-064-7},
  location =	 {Tallinn, Estonia},
  pages =	 {180--191},
  numpages =	 {12},
  url =		 {http://doi.acm.org/10.1145/1086365.1086389},
  doi =		 {10.1145/1086365.1086389},
  acmid =	 {1086389},
  publisher =	 {ACM},
  address =	 {New York, NY, USA},
  keywords =	 {binding, generic programming, names, substitution},
}

@inproceedings{licata:ubc,
  author =	 {Licata, Daniel R. and Harper, Robert},
  title =	 {A universe of binding and computation},
  booktitle =	 {Proceedings of the 14th ACM SIGPLAN international
                  conference on Functional programming},
  series =	 {ICFP '09},
  year =	 {2009},
  isbn =	 {978-1-60558-332-7},
  location =	 {Edinburgh, Scotland},
  pages =	 {123--134},
  numpages =	 {12},
  url =		 {http://doi.acm.org/10.1145/1596550.1596571},
  doi =		 {10.1145/1596550.1596571},
  acmid =	 {1596571},
  publisher =	 {ACM},
  address =	 {New York, NY, USA},
  keywords =	 {dependent types, variable binding},
}

@inproceedings{unbound,
  author =	 {Weirich, Stephanie and Yorgey, Brent A. and Sheard,
                  Tim},
  title =	 {Binders unbound},
  booktitle =	 {Proceedings of the 16th ACM SIGPLAN international
                  conference on Functional programming},
  series =	 {ICFP '11},
  year =	 {2011},
  isbn =	 {978-1-4503-0865-6},
  location =	 {Tokyo, Japan},
  pages =	 {333--345},
  numpages =	 {13},
  url =		 {http://doi.acm.org/10.1145/2034773.2034818},
  doi =		 {10.1145/2034773.2034818},
  acmid =	 {2034818},
  publisher =	 {ACM},
  address =	 {New York, NY, USA},
  keywords =	 {generic programming, haskell, name binding,
                  patterns},
}

@incollection{gmeta,
  year =	 {2012},
  isbn =	 {978-3-642-28868-5},
  booktitle =	 {Programming Languages and Systems},
  volume =	 {7211},
  series =	 {Lecture Notes in Computer Science},
  editor =	 {Seidl, Helmut},
  doi =		 {10.1007/978-3-642-28869-2_22},
  title =	 {GMeta: A Generic Formal Metatheory Framework for
                  First-Order Representations},
  url =		 {http://dx.doi.org/10.1007/978-3-642-28869-2_22},
  publisher =	 {Springer Berlin Heidelberg},
  keywords =	 {Mechanization; variable binding; first-order
                  representations; POPLmark challenge;
                  datatype-generic programming; Coq},
  author =	 {Lee, Gyesik and Oliveira, Bruno C. d. S. and Cho,
                  Sungkeun and Yi, Kwangkeun},
  pages =	 {436-455}
}


@inproceedings{levitation,
  author =	 {Chapman, James and Dagand, Pierre-\'{E}variste and
                  McBride, Conor and Morris, Peter},
  title =	 {The gentle art of levitation},
  booktitle =	 {Proceedings of the 15th ACM SIGPLAN international
                  conference on Functional programming},
  series =	 {ICFP '10},
  year =	 {2010},
  isbn =	 {978-1-60558-794-3},
  location =	 {Baltimore, Maryland, USA},
  pages =	 {3--14},
  numpages =	 {12},
  url =		 {http://doi.acm.org/10.1145/1863543.1863547},
  doi =		 {10.1145/1863543.1863547},
  acmid =	 {1863547},
  publisher =	 {ACM},
  address =	 {New York, NY, USA},
  keywords =	 {data structure, metaprogramming, monads, proof
                  assistants, type systems},
}

@phdthesis{allmodality,
  author = {Dirk Pattinson},
  title  = {Expressivity Results in the Modal Logic of Coalgebras},
  school = {Universit{\"a}t M{\"u}nchen},
  year   = 2001,
}

@article{containers,
  author =	 {Abbott, Michael and Altenkirch, Thorsten and Ghani,
                  Neil},
  title =	 {Containers: constructing strictly positive types},
  journal =	 {Theor. Comput. Sci.},
  issue_date =	 {6 September 2005},
  volume =	 {342},
  number =	 {1},
  month =	 sep,
  year =	 {2005},
  issn =	 {0304-3975},
  pages =	 {3--27},
  numpages =	 {25},
  url =		 {http://dx.doi.org/10.1016/j.tcs.2005.06.002},
  doi =		 {10.1016/j.tcs.2005.06.002},
  acmid =	 {1195941},
  publisher =	 {Elsevier Science Publishers Ltd.},
  address =	 {Essex, UK},
  keywords =	 {W-types, category theory, coinduction, container
                  functors, final coalgebras, induction, initial
                  algebras, type theory},
}

@inproceedings{dgpdt,
  author =	 {Altenkirch, Thorsten and McBride, Conor and Morris,
                  Peter},
  title =	 {Generic programming with dependent types},
  booktitle =	 {Proceedings of the 2006 international conference on
                  Datatype-generic programming},
  series =	 {SSDGP'06},
  year =	 {2007},
  isbn =	 {3-540-76785-1, 978-3-540-76785-5},
  location =	 {Nottingham, UK},
  pages =	 {209--257},
  numpages =	 {49},
  url =		 {http://dl.acm.org/citation.cfm?id=1782894.1782898},
  acmid =	 {1782898},
  publisher =	 {Springer-Verlag},
  address =	 {Berlin, Heidelberg},
}

@article{benke:universes,
  author =	 {Benke, Marcin and Dybjer, Peter and Jansson, Patrik},
  title =	 {Universes for generic programs and proofs in
                  dependent type theory},
  journal =	 {Nordic J. of Computing},
  issue_date =	 {December 2003},
  volume =	 {10},
  number =	 {4},
  month =	 dec,
  year =	 {2003},
  issn =	 {1236-6064},
  pages =	 {265--289},
  numpages =	 {25},
  url =		 {http://dl.acm.org/citation.cfm?id=985799.985801},
  acmid =	 {985801},
  publisher =	 {Publishing Association Nordic Journal of Computing},
  address =	 {Finland},
  keywords =	 {algebraic specifications, dependent types, generic
                  programming, inductive definitions, martin-L\"{o}f
                  type theory, polytypic programming},
}

@article{emgm,
  title =	 {Extensible and modular generics for the masses},
  author =	 {Oliveira, Bruno CdS and Hinze, Ralf and L{\"o}h,
                  Andres},
  journal =	 {Trends in Functional Programming},
  volume =	 {7},
  pages =	 {199--216},
  year =	 {2006}
}

@article{instantgenerics,
  title =	 {Instant generics: Fast and easy, 2009},
  author =	 {Chakravarty, Manuel MT and Ditu, Gabriel C and
                  Leshchinskiy, Roman},
  journal =	 {Draft version}
}

@inproceedings{uniplate,
  author =	 {Mitchell, Neil and Runciman, Colin},
  title =	 {Uniform boilerplate and list processing},
  booktitle =	 {Proceedings of the ACM SIGPLAN workshop on Haskell
                  workshop},
  series =	 {Haskell '07},
  year =	 {2007},
  isbn =	 {978-1-59593-674-5},
  location =	 {Freiburg, Germany},
  pages =	 {49--60},
  numpages =	 {12},
  url =		 {http://doi.acm.org/10.1145/1291201.1291208},
  doi =		 {10.1145/1291201.1291208},
  acmid =	 {1291208},
  publisher =	 {ACM},
  address =	 {New York, NY, USA},
}

@inproceedings{genericderiving,
  author =	 {Magalh\~{a}es, Jos{\'e} Pedro and Dijkstra, Atze and
                  Jeuring, Johan and L\"{o}h, Andres},
  title =	 {A generic deriving mechanism for Haskell},
  booktitle =	 {Proceedings of the third ACM Haskell symposium on
                  Haskell},
  series =	 {Haskell '10},
  year =	 {2010},
  isbn =	 {978-1-4503-0252-4},
  location =	 {Baltimore, Maryland, USA},
  pages =	 {37--48},
  numpages =	 {12},
  url =		 {http://doi.acm.org/10.1145/1863523.1863529},
  doi =		 {10.1145/1863523.1863529},
  acmid =	 {1863529},
  publisher =	 {ACM},
  address =	 {New York, NY, USA},
  keywords =	 {datatype-generic programming, haskell, type classes},
}

@inproceedings{abbott:containers1,
  author =	 {Abbott, Michael and Altenkirch, Thorsten and Ghani,
                  Neil},
  title =	 {Categories of containers},
  booktitle =	 {Proceedings of the 6th International conference on
                  Foundations of Software Science and Computation
                  Structures and joint European conference on Theory
                  and practice of software},
  series =	 {FOSSACS'03/ETAPS'03},
  year =	 {2003},
  isbn =	 {3-540-00897-7},
  location =	 {Warsaw, Poland},
  pages =	 {23--38},
  numpages =	 {16},
  url =		 {http://dl.acm.org/citation.cfm?id=1754809.1754813},
  acmid =	 {1754813},
  publisher =	 {Springer-Verlag},
  address =	 {Berlin, Heidelberg},
}

@article{abbott:containers2,
  author =	 {Abbott, Michael and Altenkirch, Thorsten and Ghani,
                  Neil},
  title =	 {Containers: constructing strictly positive types},
  journal =	 {Theor. Comput. Sci.},
  issue_date =	 {6 September 2005},
  volume =	 {342},
  number =	 {1},
  month =	 sep,
  year =	 {2005},
  issn =	 {0304-3975},
  pages =	 {3--27},
  numpages =	 {25},
  url =		 {http://dx.doi.org/10.1016/j.tcs.2005.06.002},
  doi =		 {10.1016/j.tcs.2005.06.002},
  acmid =	 {1195941},
  publisher =	 {Elsevier Science Publishers Ltd.},
  address =	 {Essex, UK},
  keywords =	 {W-types, category theory, coinduction, container
                  functors, final coalgebras, induction, initial
                  algebras, type theory},
}
